<record><leader>00000cas a22000007a 4500</leader><controlfield tag="001">15032327</controlfield><controlfield tag="008">870105d19421943pauwr ne      0    0eng d</controlfield><datafield ind1=" " ind2=" " tag="010"><subfield code="a">sn 87079880 </subfield></datafield><datafield ind1=" " ind2=" " tag="040"><subfield code="a">NPH</subfield><subfield code="b">eng</subfield><subfield code="c">NPH</subfield><subfield code="d">OCLCQ</subfield></datafield><datafield ind1=" " ind2=" " tag="042"><subfield code="a">msc</subfield></datafield><datafield ind1="0" ind2=" " tag="130"><subfield code="a">News herald (Ambridge, Pa.)</subfield></datafield><datafield ind1="1" ind2="4" tag="245"><subfield code="a">The news herald.</subfield></datafield><datafield ind1=" " ind2=" " tag="260"><subfield code="a">Ambridge, Pa. :</subfield><subfield code="b">Citizen Print. and Pub. Co.,</subfield><subfield code="c">1942-1943.</subfield></datafield><datafield ind1=" " ind2=" " tag="300"><subfield code="a">2 v. :</subfield><subfield code="b">ill. ;</subfield><subfield code="c">54 cm.</subfield></datafield><datafield ind1=" " ind2=" " tag="310"><subfield code="a">Weekly</subfield></datafield><datafield ind1="0" ind2=" " tag="362"><subfield code="a">Vol. 36, no. 31 (Apr. 2, 1942)-v. 38, no. 5 (Mar. 25, 1943).</subfield></datafield><datafield ind1=" " ind2=" " tag="500"><subfield code="a">"Official Democratic newspaper."</subfield></datafield><datafield ind1=" " ind2=" " tag="752"><subfield code="a">United States</subfield><subfield code="b">Pennsylvania</subfield><subfield code="c">Beaver</subfield><subfield code="d">Ambridge.</subfield></datafield><datafield ind1="0" ind2="0" tag="780"><subfield code="t">Ambridge news-herald</subfield><subfield code="w">(DLC)sn 87079881</subfield></datafield><datafield ind1="0" ind2="0" tag="785"><subfield code="t">Aliquippa news herald</subfield><subfield code="w">(DLC)sn 87079879</subfield></datafield></record>